<?xml version="1.0" encoding="UTF-8"?><record xmlns="http://www.loc.gov/MARC21/slim" xmlns:cinclude="http://apache.org/cocoon/include/1.0" xmlns:zs="http://www.loc.gov/zing/srw/">
  <leader>00540nz  a2200145n  4500</leader>
  <controlfield tag="001">no2011087602</controlfield>
  <controlfield tag="003">DLC</controlfield>
  <controlfield tag="005">20110608075148.0</controlfield>
  <controlfield tag="008">110606n| acannaabn          |n aaa     c</controlfield>
  <datafield tag="010" ind1=" " ind2=" ">
    <subfield code="a">no2011087602</subfield>
  </datafield>
  <datafield tag="035" ind1=" " ind2=" ">
    <subfield code="a">(OCoLC)oca08878319</subfield>
  </datafield>
  <datafield tag="040" ind1=" " ind2=" ">
    <subfield code="a">IlMchBWI</subfield>
    <subfield code="b">eng</subfield>
    <subfield code="c">IlMchBWI</subfield>
  </datafield>
  <datafield tag="100" ind1="1" ind2=" ">
    <subfield code="a">Ciravolo, Tish</subfield>
  </datafield>
  <datafield tag="670" ind1=" " ind2=" ">
    <subfield code="a">Her Girl's guitar method 1, c2002:</subfield>
    <subfield code="b">t.p. (Tish Ciravolo)</subfield>
  </datafield>
  <datafield tag="670" ind1=" " ind2=" ">
    <subfield code="a">Wikipedia, June 3, 2011</subfield>
    <subfield code="b">(Tish Ciravolo ; Southern California-based musician and guitar maker ; president &amp; founder of Daisy Rock Guitars ; grew up in Merced, Calif.)</subfield>
  </datafield>
</record>